@book {tda_apps,
    AUTHOR = {Carlsson, Gunnar and Vejdemo-Johansson, Mikael},
     TITLE = {Topological data analysis with applications},
 PUBLISHER = {Cambridge University Press, Cambridge},
      YEAR = {2022},
     PAGES = {xi+220},
      ISBN = {978-1-108-83865-8},
   MRCLASS = {55N31 (62H30)},
  MRNUMBER = {4346385},
MRREVIEWER = {Jacek\ Cyranka},
       DOI = {10.1017/9781108975704},
       URL = {https://doi.org/10.1017/9781108975704},
}

@book {oudot,
    AUTHOR = {Oudot, Steve Y.},
     TITLE = {Persistence theory: from quiver representations to data
              analysis},
    SERIES = {Mathematical Surveys and Monographs},
    VOLUME = {209},
 PUBLISHER = {American Mathematical Society, Providence, RI},
      YEAR = {2015},
     PAGES = {viii+218},
      ISBN = {978-1-4704-2545-6},
   MRCLASS = {55N35 (16G20 55U10 62-07 68U05)},
  MRNUMBER = {3408277},
MRREVIEWER = {Patrizio\ Frosini},
       DOI = {10.1090/surv/209},
       URL = {https://doi.org/10.1090/surv/209},
}

@book {dey_wang,
    AUTHOR = {Dey, Tamal Krishna and Wang, Yusu},
     TITLE = {Computational topology for data analysis},
 PUBLISHER = {Cambridge University Press, Cambridge},
      YEAR = {2022},
     PAGES = {xix+433},
      ISBN = {978-1-009-09816-8},
   MRCLASS = {55N31 (62R40)},
  MRNUMBER = {4381505},
MRREVIEWER = {Walter\ D.\ Freyn},
       DOI = {10.1017/9781009099950},
       URL = {https://doi.org/10.1017/9781009099950},
}

@book {rabadan_blumberg,
  title={Topological Data Analysis for Genomics and Evolution: Topology in Biology},
  publisher={Cambridge University Press, Cambridge},
  author={Rabadan, Raul and Blumberg, Andrew J.},
  year={2019}
}

@misc {lesnick,
  author = {Lesnick, Michael},
  title = {Notes on multiparameter persistence},
  howpublished = {\url{https://www.albany.edu/~ML644186/840_2022/Math840_Notes_22.pdf}},
  note = {Accessed on 19 March 2024}
}

@misc {virk,
  author = {Virk, \v{Z}iga},
  title = {Introduction to persistent homology},
  howpublished = {\url{https://zalozba.fri.uni-lj.si/virk2022.pdf}},
  note = {Accessed on 19 March 2024}
}

@article{perea,
doi = {10.21105/joss.05791}, url = {https://doi.org/10.21105/joss.05791}, year = {2023}, publisher = {The Open Journal}, volume = {8}, number = {91}, pages = {5791}, author = {Jose A. Perea and Luis Scoccola and Christopher J. Tralie}, title = {DREiMac: Dimensionality Reduction with Eilenberg-MacLane Coordinates}, journal = {Journal of Open Source Software}
}

@article {dmt,
    AUTHOR = {Curry, Justin and Hang, Haibin and Mio, Washington and
              Needham, Tom and Okutan, Osman Berat},
     TITLE = {Decorated merge trees for persistent topology},
   JOURNAL = {J. Appl. Comput. Topol.},
  FJOURNAL = {Journal of Applied and Computational Topology},
    VOLUME = {6},
      YEAR = {2022},
    NUMBER = {3},
     PAGES = {371--428},
      ISSN = {2367-1726,2367-1734},
   MRCLASS = {55N31},
  MRNUMBER = {4468593},
MRREVIEWER = {Matthew\ J.\ Zabka},
       DOI = {10.1007/s41468-022-00089-3},
       URL = {https://doi.org/10.1007/s41468-022-00089-3},
}

@misc{hicock,
Author = {Abigail Hickok},
Title = {A Family of Density-Scaled Filtered Complexes},
Year = {2021},
howpublished = {\href{https://arxiv.org/abs/2112.03334}{arXiv:2112.03334}},
}